@article{proxcdiploma,
    author  = {Pettersen, Edvard S.},
    title   = {{P}ro{XC} - {A} {CSP}-{I}npsired {C}oncurrency {L}ibrary for the {C} {P}rogramming {L}anguage},
    year    = {2016},
    type    = {Project Thesis}
}

@article{downey2016,
  title   = {{T}he {L}ittle {B}ook of {S}emaphores},
  author  = {Downey, Allen B.},
  year    = {2016},
  type    = {Book},
  number  = {2.2.1}
}

@article{dijkstra,
  title     = {{O}ver de {S}equentialiteit van {P}rocesbeschrijvingen},
  author    = {Dijkstra, Edsger W.},
  publisher = {Center for American History, University of Texas at Austin},
  year      = {1962 or 1963}
}

@book{raynal2012concurrent,
  title     = {{C}oncurrent {P}rogramming: {A}lgorithms, {P}rinciples, and {F}oundations},
  author    = {Raynal, Michel},
  year      = {2012},
  type      = {Book},
  isbn      = {3642320279},
  publisher = {Springer Science \& Business Media}
}

@book{silberschatz2006operating,
  title     = {{O}perating {S}ystem {P}rinciples, 7th Ed},
  author    = {Silberschatz, A. and Galvin, P. B. and Gagne, G.},
  isbn      = {9788126509621},
  series    = {Wiley Student Edition},
  year      = {2006},
  publisher = {Wiley India Pvt. Limited}
}

@article{coffman1971system,
  title     = {{S}ystem {D}eadlocks},
  author    = {Coffman, Edward G. and Elphick, Melanie and Shoshani, Arie},
  journal   = {ACM Computing Surveys (CSUR)},
  volume    = {3},
  number    = {2},
  pages     = {67--78},
  year      = {1971},
  publisher = {ACM}
}

@book{abdallah2005communicating,
  title     = {{C}ommunicating {S}equential {P}rocesses. {T}he {F}irst 25 {Y}ears},
  author    = {Abdallah, Ali E. and Jones, Cliff B. and Sanders, Jeff W.},
  isbn      = {9783540322658},
  doi       = {10.1007/b136154},
  issn      = {0302-9743},
  series    = {Lecture Notes in Computer Science},
  volume    = {3525},
  year      = {2005},
  publisher = {Springer Berlin Heidelberg},
  type      = {Book}
}

@article{dijkstra1975guarded,
  title     = {{G}uarded {C}ommands, {N}ondeterminacy and {F}ormal {D}erivation of {P}rograms},
  author    = {Dijkstra, Edsger W.},
  journal   = {{C}ommunications of the {ACM}},
  volume    = {18},
  number    = {8},
  pages     = {453--457},
  year      = {1975},
  publisher = {ACM},
  type      = {Journal Article}
}

@article{hoare1978communicating,
    author  = {Hoare, C. A. R.},
    title   = {{C}ommunicating {S}equential {P}rocesses},
    journal = {{C}ommunications of the {ACM}},
    volume  = {21},
    number  = {8},
    pages   = {666--677},
    ISSN    = {0001-0782},
    DOI     = {10.1145/359576.359585},
    year    = {1978},
    type    = {Journal Article}
}

@article{brookes1984theory,
  title     = {{A} {T}heory of {C}ommunicating {S}equential {P}rocesses},
  author    = {Brookes, Stephen D. and Hoare, C. A. R. and Roscoe, Andrew W.},
  journal   = {Journal of the ACM (JACM)},
  volume    = {31},
  number    = {3},
  pages     = {560--599},
  year      = {1984},
  publisher = {ACM}
}

@article{manual2000failures,
  title     = {{F}ailures-{D}ivergence {R}efinement},
  author    = {Manual, FDR2 User},
  year      = {2000}
}

@book{inmos1988occam,
  title     = {occam 2 {R}eference {M}anual},
  author    = {INMOS International},
  year      = {1988},
  publisher = {Prentice hall}
}

@article{ledgard1983reference,
  title     = {{R}eference {M}anual for the {ADA} {P}rogramming {L}anguage},
  author    = {Ledgard, Henry},
  year      = {1983},
  publisher = {Springer-Verlag New York, Inc.}
}

@book{douglas2009programming,
  author    = {Watt, Douglas},
  title     = {{P}rogramming {XC} on {XMOS} {D}evices},
  publisher = {{XMOS} {L}imited},
  isbn      = {1907361030},
  year      = {2009},
  type      = {Book}
}

@article{go2009go,
  author        = {Go, Team},
  title         = {{T}he {G}o {P}rogramming {L}anguage {S}pecification},
  institution   = {Technical Report \url{https://golang.org/ref/spec}, Google Inc},
  year          = {2009},
  type          = {Report}
}

@book{pettersen2016proxc,
  author    = {Pettersen, Edvard S.},
  title     = {{P}ro{XC} -- {A} {CSP}-{I}nspired {C}oncurrency {L}ibrary for the {C} {P}rogramming {L}anguage},
  publisher = {Department of Engineering Cybernetics, Norwegian University of Science and Technology},
  year      = {2016},
  type      = {Thesis},
}

@inproceedings{welch2007jcsp,
  author    = {Welch, Peter H. and Brown, Neil C. C. and Moores, James and Chalmers, Kevin and Sputh, Bernhard H. C.},
  title     = {{I}ntegrating and {E}xtending {JCSP}},
  booktitle = {{CPA}},
  volume    = {65},
  pages     = {349--370},
  year      = {2007},
  type      = {Conference Proceedings}
}

@inProceedings{brown2003c++csp,
  author    = {Brown, Neil C. C. and Welch, Peter H.},
  title     = {{A}n {I}ntroduction to the {K}ent {C}++ {CSP} {L}ibrary},
  editor    = {Broenink, J. F. and Hilderink, G. H.},
  pages     = {139--156},
  booktitle = {{C}ommunicating {P}rocess {A}rchitectures 2003},
  isbn      = {978-1-58603-381-1},
  year      = {2003},
  month     = {sep},
  type      = {Conference Proceedings}
}

@InProceedings{brown2007c++csp2,
  author    = {Brown, Neil C. C.},
  title     = {{C}++{CSP}2: {A} {M}any-to-{M}any {T}hreading {M}odel for {M}ulticore {A}rchitectures},
  editor    = {McEwan, Alistair A. and Ifill, Wilson and Welch, Peter H.},
  pages     = {183--205},
  booktitle = {{C}ommunicating {P}rocess {A}rchitectures 2007},
  isbn      = {978-1586037673},
  year      = {2007},
  month     = {jul},
  type      = {Conference Proceedings}
}

@inproceedings{bjorndalen2007pycsp,
  author    = {Bj√∏rndalen, John M. and Vinter, Brian and Anshus, Otto J.},
  title     = {{P}y{CSP} - {C}ommunicating {S}equential {P}rocesses for {P}ython},
  booktitle = {{C}ommunicating {P}rocess {A}rchitectures 2007},
  pages     = {229--248},
  year      = {2007},
  type      = {Conference Proceedings}
}

@inproceedings{chalmers2016cppcsp,
  author    = {Chalmers, Kevin},
  title     = {{D}evelopment and {E}valuation of a {M}odern {C}++{CSP} {L}ibrary},
  booktitle = {{C}ommunicating {P}rocess {A}rchitectures 2016},
  year      = {2016},
  type      = {Conference Proceedings}
}

@article{michael1998nonblocking,
  title     = {{N}onblocking {A}lgorithms and {P}reemption-safe {L}ocking on {M}ultiprogrammed {S}hared {M}emory {M}ultiprocessors},
  author    = {Michael, Maged M. and Scott, Michael L.},
  journal   = {Journal of Parallel and Distributed Computing},
  volume    = {51},
  number    = {1},
  pages     = {1--26},
  year      = {1998},
  publisher = {Elsevier}
}

@article{zahorjan1991effect,
  title     = {{T}he {E}ffect of {S}cheduling {D}iscipline on {S}pin {O}verhead in {S}hared {M}emory {P}arallel {S}ystems},
  author    = {Zahorjan, John and Lazowska, Edward D. and Eager, Derek L.},
  journal   = {IEEE Transactions on Parallel and Distributed Systems},
  volume    = {2},
  number    = {2},
  pages     = {180--198},
  year      = {1991},
  publisher = {IEEE}
}

@misc{preshing2012lockfree,
  author        = {Preshing, Jeff},
  title         = {{A}n {I}ntroduction to {L}ock-{F}ree {P}rogramming},
  journal       = {Preshing on Programming},
  type          = {Blog},
  number        = {June 12},
  year          = {2012},
  howpublished  = {\url{http://preshing.com/20120612/an-introduction-to-lock-free-programming}}
}

@misc{preshing2012weakstrong,
  author        = {Preshing, Jeff},
  title         = {{W}eak vs. {S}trong {M}emory {M}odels},
  journal       = {Preshing on Programming},
  type          = {Blog},
  number        = {September 30},
  year          = {2012},
  howpublished  = {\url{http://preshing.com/20120930/weak-vs-strong-memory-models}}
}

@misc{preshing2012barriers,
  author        = {Preshing, Jeff},
  title         = {{M}emory {B}arriers are like {S}ource {C}ontrol {O}perations},
  journal       = {Preshing on Programming},
  type          = {Blog},
  number        = {July 10},
  year          = {2012},
  howpublished  = {\url{http://preshing.com/20120710/memory-barriers-are-like-source-control-operations/}}
}

@misc{preshing2012acquire,
  author        = {Preshing, Jeff},
  title         = {{A}cquire and {R}elease {S}emantics},
  journal       = {Preshing on Programming},
  type          = {Blog},
  number        = {September 13},
  year          = {2012},
  howpublished  = {\url{http://preshing.com/20120913/acquire-and-release-semantics/}}
}

@article{mckenney2007memory,
  title     = {{M}emory {O}rdering in {M}odern {M}icroprocessors},
  author    = {McKenney, Paul E.},
  journal   = {Interface},
  volume    = {6},
  pages     = {6},
  year      = {2007},
  month     = {sep}
}

@article{blumofe1996cilk,
  title     = {{C}ilk: {A}n {E}fficient {M}ultithreaded {R}untime {S}ystem},
  author    = {Blumofe, Robert D. and Joerg, Christopher F. and Kuszmaul, Bradley C. and Leiserson, Charles E. and Randall, Keith H. and Zhou, Yuli},
  journal   = {Journal of Parallel and Distributed Computing},
  volume    = {37},
  number    = {1},
  pages     = {55--69},
  year      = {1996},
  publisher = {Elsevier}
}

@inproceedings{amdahl1967validity,
  title        = {{V}alidity of the {S}ingle {P}rocessor {A}pproach to {A}chieving {L}arge {S}cale {C}omputing {C}apabilities},
  author       = {Amdahl, Gene M.},
  booktitle    = {Proceedings of the April 18-20, 1967, spring joint computer conference},
  pages        = {483--485},
  year         = {1967},
  organization = {ACM}
}

@article{dagum1998openmp,
  title     = {{O}pen{MP}: an {I}ndustry {S}tandard {API} for {S}hared-{M}emory {P}rogramming},
  author    = {Dagum, Leonardo and Menon, Ramesh},
  journal   = {IEEE computational science and engineering},
  volume    = {5},
  number    = {1},
  pages     = {46--55},
  year      = {1998},
  publisher = {IEEE}
}

@article{blumofe1999scheduling,
  title     = {{S}cheduling {M}ultithreaded {C}omputations by {W}ork {S}tealing},
  author    = {Blumofe, Robert D. and Leiserson, Charles E.},
  journal   = {Journal of the ACM (JACM)},
  volume    = {46},
  number    = {5},
  pages     = {720--748},
  year      = {1999},
  publisher = {ACM}
}

@article{sunderam1990pvm,
  title     = {{PVM}: {A} {F}ramework for {P}arallel {D}istributed {C}omputing},
  author    = {Sunderam, Vaidy S.},
  journal   = {Concurrency: Practice and Experience},
  volume    = {2},
  number    = {4},
  pages     = {315--339},
  year      = {1990},
  publisher = {Wiley Online Library}
}

@inproceedings{chase2005dynamic,
  title         = {{D}ynamic {C}ircular {W}ork-{S}tealing {D}eque},
  author        = {Chase, David and Lev, Yossi},
  booktitle     = {Proceedings of the seventeenth annual ACM symposium on Parallelism in algorithms and architectures},
  pages         = {21--28},
  year          = {2005},
  organization  = {ACM}
}

@inproceedings{le2013correct,
  title         = {{C}orrect and {E}fficient {W}ork-{S}tealing for {W}eak {M}emory {M}odels},
  author        = {L{\^e}, Nhat Minh and Pop, Antoniu and Cohen, Albert and Zappa Nardelli, Francesco},
  booktitle     = {ACM SIGPLAN Notices},
  volume        = {48},
  number        = {8},
  pages         = {69--80},
  year          = {2013},
  organization  = {ACM}
}

@article{robison2013composable,
  title     = {{C}omposable {P}arallel {P}atterns with intel {C}ilk {P}lus},
  author    = {Robison, Arch D.},
  journal   = {Computing in Science \& Engineering},
  volume    = {15},
  number    = {2},
  pages     = {66--71},
  year      = {2013},
  publisher = {IEEE}
}

%%%%%%%%%%%%%%%%%%%%%%%%%%%%%%%%%%%%%%%%%%%%%%%%%%%%%%%%%%%%%%%%%%%%%%%%%%%%%%%%
%%%%%%%%%%%%%%%%%%%%%%%%%%%%%%%%%%%%%%%%%%%%%%%%%%%%%%%%%%%%%%%%%%%%%%%%%%%%%%%%
%%%%%%%%%%%%%%%%%%%%%%%%%%%%%%%%%%%%%%%%%%%%%%%%%%%%%%%%%%%%%%%%%%%%%%%%%%%%%%%%
%%%%%%%%%%%%%%%%%%%%%%%%%%%%%%%%%%%%%%%%%%%%%%%%%%%%%%%%%%%%%%%%%%%%%%%%%%%%%%%%

@book{benari2006,
    author    = {Ben-Ari, Mordechai},
    title     = {{P}rinciples of {C}oncurrent and {D}istributed {P}rogramming},
    publisher = {Pearson Education},
    isbn      = {032131283X},
    year      = {2006},
    type      = {Book}
}

@InProceedings{c++csp2,
    author    = {Brown, Neil C. C.},
    title     = "{C}++{CSP}2: {A} {M}any-to-{M}any {T}hreading {M}odel for {M}ulticore {A}rchitectures",
    editor    = "McEwan, Alistair A. and Ifill, Wilson and Welch, Peter H.",
    pages     = "183--205",
    booktitle = "{C}ommunicating {P}rocess {A}rchitectures 2007",
    isbn      = "978-1586037673",
    year      = "2007",
    month     = "jul",
    type      = "Conference Proceedings"
}

@misc{c++csp2doc,
    title        = "{C}++{CSP}2 {D}ocumentation",
    howpublished = "\url{https://www.cs.kent.ac.uk/projects/ofa/c++csp/doc/index.html}",
    note         = "Accessed: 2016-11-27"
}

@inProceedings{c++csp,
    author    = "Brown, Neil C. C. and Welch, Peter H.",
    title     = "{A}n {I}ntroduction to the {K}ent {C}++ {CSP} {L}ibrary",
    editor    = "Broenink, J. F. and Hilderink, G. H.",
    pages     = "139--156",
    booktitle = "{C}ommunicating {P}rocess {A}rchitectures 2003",
    isbn      = "978-1-58603-381-1",
    year      = "2003",
    month     = "sep",
    type      = "Conference Proceedings"
}

@inproceedings{kroc,
    author    = {David, C. and Welch, Peter H.},
    title     = {{T}he {K}ent {R}etargetable occam {C}ompiler},
    booktitle = {{P}arallel {P}rocessing {D}evelopments: {W}o{TUG}-19: {P}roceedings of the 19th {W}orld occam and {T}ransputer {U}ser {G}roup {T}echnical {M}eeting, 31st {M}arch-3rd {A}pril 1996, {N}ottingham, {UK}},
    publisher = {IOS Press},
    volume    = {47},
    pages     = {143},
    isbn      = {9051992610},
    year      = {1996},
    type      = {Conference Proceedings}
}

@inproceedings{engelschall2000,
    author    = {Engelschall, Ralf S.},
    title     = {{P}ortable {M}ultithreading: {T}he {S}ignal {S}tack {T}rick for {U}ser-space {T}hread {C}reation},
    booktitle = {{P}roceedings of the {A}nnual {C}onference on {USENIX} {A}nnual {T}echnical {C}onference},
    publisher = {USENIX Association},
    pages     = {20--20},
    year      = {2000},
    type      = {Conference Proceedings}
}

@article{ccsp,
    author  = {Moores, J.},
    title   = {{CCSP} - {A} {P}ortable {CSP}-based {R}un-time {S}ystem {S}upporting {C} and occam},
    journal = {{A}rchitectures, {L}anguages and {T}echniques for {C}oncurrent {S}ystems},
    volume  = {57},
    pages   = {147--168},
    ISSN    = {1383-7575},
    year    = {1999},
    type    = {Journal Article}
}

@inproceedings{jcsp,
    author    = {Welch, Peter H. and Brown, Neil C. C. and Moores, James and Chalmers, Kevin and Sputh, Bernhard H. C.},
    title     = {{I}ntegrating and {E}xtending {JCSP}},
    booktitle = {{CPA}},
    volume    = {65},
    pages     = {349--370},
    year      = {2007},
    type      = {Conference Proceedings}
}

@misc{jcspdoc,
    title = {{JCSP} {D}ocumentation},
    howpublished = {\url{https://www.cs.kent.ac.uk/projects/ofa/jcsp/jcsp-1.1-rc4/jcsp-doc/}},
    note = {Accessed: 2016-11-27}
}

@inproceedings{spoc,
    author    = {Wykes, Mark and Debbage, Mark and Hill, Sean and Nicole, Denis},
    title     = {{S}outhampton's {P}ortable occam {C}ompiler ({SP}o{C})},
    booktitle = {{P}rogress in {T}ransputer and occam {R}esearch: {W}o{TUG}-17: {P}roceedings of the 17th {W}orld occam and {T}ransputer {U}ser {G}roup {T}echnical {M}eeting, 10th-13st {A}pril 1994, {B}ristol, {UK}},
    publisher = {IOS Press},
    volume    = {38},
    pages     = {40},
    isbn      = {9051991630},
    year      = {1994},
    type      = {Conference Proceedings}
}

@inproceedings{ousterhour1996,
    author    = {Ousterhout, John},
    title     = {{W}hy {T}hreads are a {B}ad {I}dea (for {M}ost {P}urposes)},
    booktitle = {{P}resentation {G}iven at the 1996 {USENIX} {A}nnual {T}echnical {C}onference},
    publisher = {San Diego, CA, USA},
    volume    = {5},
    year      = {1996},
    type      = {Conference Proceedings}
}

@article{occam,
    author  = {May, David},
    title   = {{O}ccam},
    journal = {{ACM} {S}igplan {N}otices},
    volume  = {18},
    number  = {4},
    pages   = {69--79},
    ISSN    = {0362-1340},
    year    = {1983},
    type    = {Journal Article}
}

@book{xc,
    author    = {Watt, Douglas},
    title     = {{P}rogramming {XC} on {XMOS} {D}evices},
    publisher = {{XMOS} {L}imited},
    isbn      = {1907361030},
    year      = {2009},
    type      = {Book}
}

@book{golangintro,
    author    = {Balbaert, Ivo},
    title     = {{T}he {W}ay to {G}o: {A} {T}horough {I}ntroduction to the {G}o {P}rogramming {L}anguage},
    publisher = {IUniverse},
    isbn      = {1469769166},
    year      = {2012},
    type      = {Book}
}

@techreport{golangspec,
    author      = {{Go Team}},
    title       = {{T}he {G}o {P}rogramming {L}anguage {S}pecification},
    institution = {Technical Report \url{https://golang.org/ref/spec}, Google Inc},
    year        = {2009},
    type        = {Report}
}

@article{transputer,
    author  = {Barron, Iann M.},
    title   = {{T}he {T}ransputer},
    journal = {{T}he {M}icroprocessor and its {A}pplication},
    pages   = {343--57},
    year    = {1978},
    type    = {Journal Article}
}

@misc{gopopularity,
    title        = {{TIOBE} {I}ndex},
    howpublished = {\url{http://www.tiobe.com/tiobe-index/go/}},
    note         = {Accessed: 2016-11-27}
}

@inproceedings{pycsp,
    author    = {Bj√∏rndalen, John M. and Vinter, Brian and Anshus, Otto J.},
    title     = {{P}y{CSP} - {C}ommunicating {S}equential {P}rocesses for {P}ython},
    booktitle = {{CPA}},
    pages     = {229--248},
    year      = {2007},
    type      = {Conference Proceedings}
}

@inproceedings{cspnet,
    author    = {Lehmberg, Alex A. and Olsen, Martin N.},
    title     = {{A}n {I}ntroduction to {CSP}.{NET}},
    booktitle = {{CPA}},
    pages     = {13--30},
    year      = {2006},
    type      = {Conference Proceedings}
}

@inbook{joyce,
    author    = {Hansen, Per B.},
    title     = {{J}oyce ‚Äî {A} {P}rogramming {L}anguage for {D}istributed {S}ystems},
    booktitle = {{T}he {O}rigin of {C}oncurrent {P}rogramming},
    publisher = {Springer},
    pages     = {464--492},
    year      = {1987},
    type      = {Book Section}
}

@inbook{superpascal,
    author    = {Hansen, Per B.},
    title     = {{S}uper{P}ascal: {A} {P}ublication {L}anguage for {P}arallel {S}cientific {C}omputing},
    booktitle = {{T}he {O}rigin of {C}oncurrent {P}rogramming},
    publisher = {Springer},
    pages     = {495--524},
    year      = {1994},
    type      = {Book Section}
}

@article{limbo,
    author  = {Ritchie, Dennis M.},
    title   = {{T}he {L}imbo {P}rogramming {L}anguage},
    journal = {{I}nferno {P}rogrammer‚Äôs {M}anual},
    volume  = {2},
    year    = {1997},
    type    = {Journal Article}
}

@inproceedings{lazyevaluation,
   author    = {Antoy, Sergio},
   title     = {{L}azy {E}valuation in {L}ogic},
   booktitle = {{I}nternational {S}ymposium on {P}rogramming {L}anguage {I}mplementation and {L}ogic {P}rogramming},
   publisher = {Springer},
   pages     = {371--382},
   year      = {1991},
   type      = {Conference Proceedings}
}

@article{systemvabi,
  title   = {{S}ystem {V} {A}pplication {B}inary {I}nterface},
  author  = {Matz, Michael and Hubicka, Jan and Jaeger, Andreas and Mitchell, Mark},
  journal = {{AMD}64 {A}rchitecture {P}rocessor {S}upplement, {D}raft v0},
  volume  = {99},
  year    = {2013}
}

@misc{proxc_github,
    title        = {{P}ro{XC} - {A} {CSP}-{I}nspired {C}oncurrency {L}ibrary for {C}},
    author       = {Pettersen, Edvard S.},
    howpublished = {\url{https://github.com/edvardsp/libproxc}},
    note         = {Accessed: 2016-12-15},
    year         = {2016}
}

@misc{duffsdevice,
    title        = {{C}oroutines in {C}},
    author       = {Tatham, Simon},
    journal      = {Web page},
    howpublished = {\url{http://www.linuxhowtos.org/C_C++/coroutines.pdf}},
    note         = {Accessed: 2016-12-08},
    year         = {2000}
}

@inproceedings{rainvm,
  title     = {{R}ain: {A} {N}ew {C}oncurrent {P}rocess-{O}riented {P}rogramming {L}anguage.},
  author    = {Brown, Neil},
  booktitle = {CPA},
  pages     = {237--251},
  year      = {2006}
}

@inproceedings{commstime,
  title        = {{A} {R}econfigurable {H}ost {l}nterconnection {S}cheme for {O}ccam-based {F}ield {P}rogrammable {G}ate {A}rrays},
  author       = {Roger, MA},
  booktitle    = {{C}ommunicating {P}rocess {A}rchitectures 2001: {W}o{TUG}-24: {P}roceedings of the 24th {W}orld {O}ccam and {T}ransputer {U}ser {G}roup {T}echnical {M}eeting, 16-19 {S}eptember 2001, {B}ristol, {U}nited {K}ingdom},
  volume       = {59},
  pages        = {179},
  year         = {2001},
  organization = {IOS Press}
}

@article{k&r,
  title  = {{T}he {C} {P}rogramming {L}anguage},
  author = {Kernighan, Brian W and Ritchie, Dennis M},
  year   = {2006}
}
