@article{downey2016,
  title   = {{T}he {L}ittle {B}ook of {S}emaphores},
  author  = {Downey, Allen B.},
  year    = {2016},
  type    = {Book},
  number  = {2.2.1}
}

@article{dijkstra,
  title     = {{O}ver de {S}equentialiteit van {P}rocesbeschrijvingen},
  author    = {Dijkstra, Edsger W.},
  publisher = {Center for American History, University of Texas at Austin},
  year      = {1962 or 1963}
}

@book{raynal2012concurrent,
  title     = {{C}oncurrent {P}rogramming: {A}lgorithms, {P}rinciples, and {F}oundations},
  author    = {Raynal, Michel},
  year      = {2012},
  type      = {Book},
  isbn      = {3642320279},
  publisher = {Springer Science \& Business Media}
}

@book{silberschatz2006operating,
  title     = {{O}perating {S}ystem {P}rinciples, 7th Ed},
  author    = {Silberschatz, A. and Galvin, P. B. and Gagne, G.},
  isbn      = {9788126509621},
  series    = {Wiley Student Edition},
  year      = {2006},
  publisher = {Wiley India Pvt. Limited}
}

@article{coffman1971system,
  title     = {{S}ystem {D}eadlocks},
  author    = {Coffman, Edward G. and Elphick, Melanie and Shoshani, Arie},
  journal   = {ACM Computing Surveys (CSUR)},
  volume    = {3},
  number    = {2},
  pages     = {67--78},
  year      = {1971},
  publisher = {ACM}
}

@book{abdallah2005communicating,
  title     = {{C}ommunicating {S}equential {P}rocesses. {T}he {F}irst 25 {Y}ears},
  author    = {Abdallah, Ali E. and Jones, Cliff B. and Sanders, Jeff W.},
  isbn      = {9783540322658},
  doi       = {10.1007/b136154},
  issn      = {0302-9743},
  series    = {Lecture Notes in Computer Science},
  volume    = {3525},
  year      = {2005},
  publisher = {Springer Berlin Heidelberg},
  type      = {Book}
}

@article{dijkstra1975guarded,
  title     = {{G}uarded {C}ommands, {N}ondeterminacy and {F}ormal {D}erivation of {P}rograms},
  author    = {Dijkstra, Edsger W.},
  journal   = {{C}ommunications of the {ACM}},
  volume    = {18},
  number    = {8},
  pages     = {453--457},
  year      = {1975},
  publisher = {ACM},
  type      = {Journal Article}
}

@article{hoare1978communicating,
    author  = {Hoare, C. A. R.},
    title   = {{C}ommunicating {S}equential {P}rocesses},
    journal = {{C}ommunications of the {ACM}},
    volume  = {21},
    number  = {8},
    pages   = {666--677},
    ISSN    = {0001-0782},
    DOI     = {10.1145/359576.359585},
    year    = {1978},
    type    = {Journal Article}
}

@article{brookes1984theory,
  title     = {{A} {T}heory of {C}ommunicating {S}equential {P}rocesses},
  author    = {Brookes, Stephen D. and Hoare, C. A. R. and Roscoe, Andrew W.},
  journal   = {Journal of the ACM (JACM)},
  volume    = {31},
  number    = {3},
  pages     = {560--599},
  year      = {1984},
  publisher = {ACM}
}

@article{manual2000failures,
  title     = {{F}ailures-{D}ivergence {R}efinement},
  author    = {Manual, FDR2 User},
  year      = {2000}
}

@book{inmos1988occam,
  title     = {occam 2 {R}eference {M}anual},
  author    = {INMOS International},
  year      = {1988},
  publisher = {Prentice hall}
}

@article{ledgard1983reference,
  title     = {{R}eference {M}anual for the {ADA} {P}rogramming {L}anguage},
  author    = {Ledgard, Henry},
  year      = {1983},
  publisher = {Springer-Verlag New York, Inc.}
}

@book{douglas2009programming,
  author    = {Watt, Douglas},
  title     = {{P}rogramming {XC} on {XMOS} {D}evices},
  publisher = {{XMOS} {L}imited},
  isbn      = {1907361030},
  year      = {2009},
  type      = {Book}
}

@article{go2009go,
  author        = {Go, Team},
  title         = {{T}he {G}o {P}rogramming {L}anguage {S}pecification},
  institution   = {Technical Report \url{https://golang.org/ref/spec}, Google Inc},
  year          = {2009},
  type          = {Report}
}

@book{pettersen2016proxc,
  author    = {Pettersen, Edvard S.},
  title     = {{P}ro{XC} -- {A} {CSP}-{I}nspired {C}oncurrency {L}ibrary for the {C} {P}rogramming {L}anguage},
  publisher = {Department of Engineering Cybernetics, Norwegian University of Science and Technology},
  year      = {2016},
  type      = {Thesis},
}

@inproceedings{welch2007jcsp,
  author    = {Welch, Peter H. and Brown, Neil C. C. and Moores, James and Chalmers, Kevin and Sputh, Bernhard H. C.},
  title     = {{I}ntegrating and {E}xtending {JCSP}},
  booktitle = {{CPA}},
  volume    = {65},
  pages     = {349--370},
  year      = {2007},
  type      = {Conference Proceedings}
}

@inProceedings{brown2003c++csp,
  author    = {Brown, Neil C. C. and Welch, Peter H.},
  title     = {{A}n {I}ntroduction to the {K}ent {C}++ {CSP} {L}ibrary},
  editor    = {Broenink, J. F. and Hilderink, G. H.},
  pages     = {139--156},
  booktitle = {{C}ommunicating {P}rocess {A}rchitectures 2003},
  isbn      = {978-1-58603-381-1},
  year      = {2003},
  month     = {sep},
  type      = {Conference Proceedings}
}

@InProceedings{brown2007c++csp2,
  author    = {Brown, Neil C. C.},
  title     = {{C}++{CSP}2: {A} {M}any-to-{M}any {T}hreading {M}odel for {M}ulticore {A}rchitectures},
  editor    = {McEwan, Alistair A. and Ifill, Wilson and Welch, Peter H.},
  pages     = {183--205},
  booktitle = {{C}ommunicating {P}rocess {A}rchitectures 2007},
  isbn      = {978-1586037673},
  year      = {2007},
  month     = {jul},
  type      = {Conference Proceedings}
}

@inproceedings{bjorndalen2007pycsp,
  author    = {Bj√∏rndalen, John M. and Vinter, Brian and Anshus, Otto J.},
  title     = {{P}y{CSP} - {C}ommunicating {S}equential {P}rocesses for {P}ython},
  booktitle = {{C}ommunicating {P}rocess {A}rchitectures 2007},
  pages     = {229--248},
  year      = {2007},
  type      = {Conference Proceedings}
}

@inproceedings{chalmers2016cppcsp,
  author    = {Chalmers, Kevin},
  title     = {{D}evelopment and {E}valuation of a {M}odern {C}++{CSP} {L}ibrary},
  booktitle = {{C}ommunicating {P}rocess {A}rchitectures 2016},
  year      = {2016},
  type      = {Conference Proceedings}
}

@article{michael1998nonblocking,
  title     = {{N}onblocking {A}lgorithms and {P}reemption-safe {L}ocking on {M}ultiprogrammed {S}hared {M}emory {M}ultiprocessors},
  author    = {Michael, Maged M. and Scott, Michael L.},
  journal   = {Journal of Parallel and Distributed Computing},
  volume    = {51},
  number    = {1},
  pages     = {1--26},
  year      = {1998},
  publisher = {Elsevier}
}

@article{zahorjan1991effect,
  title     = {{T}he {E}ffect of {S}cheduling {D}iscipline on {S}pin {O}verhead in {S}hared {M}emory {P}arallel {S}ystems},
  author    = {Zahorjan, John and Lazowska, Edward D. and Eager, Derek L.},
  journal   = {IEEE Transactions on Parallel and Distributed Systems},
  volume    = {2},
  number    = {2},
  pages     = {180--198},
  year      = {1991},
  publisher = {IEEE}
}

@misc{preshing2012lockfree,
  author        = {Preshing, Jeff},
  title         = {{A}n {I}ntroduction to {L}ock-{F}ree {P}rogramming},
  journal       = {Preshing on Programming},
  type          = {Blog},
  number        = {June 12},
  year          = {2012},
  howpublished  = {\url{http://preshing.com/20120612/an-introduction-to-lock-free-programming}},
  note          = {Accessed: 2017-05-30}
}

@misc{preshing2012weakstrong,
  author        = {Preshing, Jeff},
  title         = {{W}eak vs. {S}trong {M}emory {M}odels},
  journal       = {Preshing on Programming},
  type          = {Blog},
  number        = {September 30},
  year          = {2012},
  howpublished  = {\url{http://preshing.com/20120930/weak-vs-strong-memory-models}},
  note          = {Accessed: 2017-05-30}
}

@misc{preshing2012barriers,
  author        = {Preshing, Jeff},
  title         = {{M}emory {B}arriers are like {S}ource {C}ontrol {O}perations},
  journal       = {Preshing on Programming},
  type          = {Blog},
  number        = {July 10},
  year          = {2012},
  howpublished  = {\url{http://preshing.com/20120710/memory-barriers-are-like-source-control-operations/}},
  note          = {Accessed: 2017-05-30}
}

@misc{preshing2012acquire,
  author        = {Preshing, Jeff},
  title         = {{A}cquire and {R}elease {S}emantics},
  journal       = {Preshing on Programming},
  type          = {Blog},
  number        = {September 13},
  year          = {2012},
  howpublished  = {\url{http://preshing.com/20120913/acquire-and-release-semantics/}},
  note          = {Accessed: 2017-05-30}
}

@article{mckenney2007memory,
  title     = {{M}emory {O}rdering in {M}odern {M}icroprocessors},
  author    = {McKenney, Paul E.},
  journal   = {Interface},
  volume    = {6},
  pages     = {6},
  year      = {2007},
  month     = {sep}
}

@article{blumofe1996cilk,
  title     = {{C}ilk: {A}n {E}fficient {M}ultithreaded {R}untime {S}ystem},
  author    = {Blumofe, Robert D. and Joerg, Christopher F. and Kuszmaul, Bradley C. and Leiserson, Charles E. and Randall, Keith H. and Zhou, Yuli},
  journal   = {Journal of Parallel and Distributed Computing},
  volume    = {37},
  number    = {1},
  pages     = {55--69},
  year      = {1996},
  publisher = {Elsevier}
}

@inproceedings{amdahl1967validity,
  title        = {{V}alidity of the {S}ingle {P}rocessor {A}pproach to {A}chieving {L}arge {S}cale {C}omputing {C}apabilities},
  author       = {Amdahl, Gene M.},
  booktitle    = {Proceedings of the April 18-20, 1967, spring joint computer conference},
  pages        = {483--485},
  year         = {1967},
  organization = {ACM}
}

@article{dagum1998openmp,
  title     = {{O}pen{MP}: an {I}ndustry {S}tandard {API} for {S}hared-{M}emory {P}rogramming},
  author    = {Dagum, Leonardo and Menon, Ramesh},
  journal   = {IEEE computational science and engineering},
  volume    = {5},
  number    = {1},
  pages     = {46--55},
  year      = {1998},
  publisher = {IEEE}
}

@article{blumofe1999scheduling,
  title     = {{S}cheduling {M}ultithreaded {C}omputations by {W}ork {S}tealing},
  author    = {Blumofe, Robert D. and Leiserson, Charles E.},
  journal   = {Journal of the ACM (JACM)},
  volume    = {46},
  number    = {5},
  pages     = {720--748},
  year      = {1999},
  publisher = {ACM}
}

@article{sunderam1990pvm,
  title     = {{PVM}: {A} {F}ramework for {P}arallel {D}istributed {C}omputing},
  author    = {Sunderam, Vaidy S.},
  journal   = {Concurrency: Practice and Experience},
  volume    = {2},
  number    = {4},
  pages     = {315--339},
  year      = {1990},
  publisher = {Wiley Online Library}
}

@inproceedings{chase2005dynamic,
  title         = {{D}ynamic {C}ircular {W}ork-{S}tealing {D}eque},
  author        = {Chase, David and Lev, Yossi},
  booktitle     = {Proceedings of the seventeenth annual ACM symposium on Parallelism in algorithms and architectures},
  pages         = {21--28},
  year          = {2005},
  organization  = {ACM}
}

@inproceedings{le2013correct,
  title         = {{C}orrect and {E}fficient {W}ork-{S}tealing for {W}eak {M}emory {M}odels},
  author        = {L{\^e}, Nhat Minh and Pop, Antoniu and Cohen, Albert and Zappa Nardelli, Francesco},
  booktitle     = {ACM SIGPLAN Notices},
  volume        = {48},
  number        = {8},
  pages         = {69--80},
  year          = {2013},
  organization  = {ACM}
}

@article{robison2013composable,
  title     = {{C}omposable {P}arallel {P}atterns with intel {C}ilk {P}lus},
  author    = {Robison, Arch D.},
  journal   = {Computing in Science \& Engineering},
  volume    = {15},
  number    = {2},
  pages     = {66--71},
  year      = {2013},
  publisher = {IEEE}
}

@misc{boost2017boost,
  author        = {Boost},
  title         = {{T}he {B}oost {C}++ {L}ibraries},
  howpublished  = {\url{http://www.boost.org/}},
  year          = {2017},
  note          = {Accessed: 2017-05-13}
}

@misc{kowalke2017boost,
  author        = {Kowalke, Oliver},
  title         = {{T}he {B}oost {C}++ {L}ibraries: {B}oost {C}ontext},
  howpublished  = {\url{http://www.boost.org/doc/libs/1_64_0/libs/context/doc/html/index.html}},
  year          = {2014--2017},
  note          = {Accessed: 2017-05-13}
}

@book{stroustrup2013c++,
  title     = {{T}he {C}++ {P}rogramming {L}anguage},
  author    = {Stroustrup, Bjarne},
  edition   = {4th},
  year      = {2013},
  month     = {May},
  isbn      = {978-0321563842},
  publisher = {Addison-Wesley}
}

@book{mccool2012structured,
  title     = {{S}tructured {P}arallel {P}rogramming: {P}atterns for {E}fficient {C}omputation},
  author    = {McCool, Michael D. and Robison, Arch D. and Reinders, James},
  year      = {2012},
  publisher = {Elsevier}
}

@book{watt2009programming,
  title     = {{P}rogramming {XC} on {XMOS} {D}evices},
  author    = {Watt, Douglas},
  year      = {2009},
  publisher = {XMOS Limited}
}

@techreport{barrett1992occam,
  title         = {occam 3 {R}eference {M}anual},
  author        = {Barrett, Geoff},
  year          = {1992},
  institution   = {Technical report, Inmos Limited, March 1992. Available at: \url{http://wotug.ukc.ac.uk/parallel/occam/documentation}}
}

@misc{pettersen2017proxcgithub,
    title        = {{P}ro{XC} - {A} {CSP}-{I}nspired {C}oncurrency {L}ibrary for {C} and {C}++},
    author       = {Pettersen, Edvard S.},
    howpublished = {\url{https://github.com/edvardsp/libproxc}},
    note         = {Accessed: 2017-05-22},
    year         = {2017}
}

@inproceedings{roger2001commstime,
  title        = {{A} {R}econfigurable {H}ost {l}nterconnection {S}cheme for {O}ccam-based {F}ield {P}rogrammable {G}ate {A}rrays},
  author       = {Roger, MA},
  booktitle    = {{C}ommunicating {P}rocess {A}rchitectures 2001: {W}o{TUG}-24: {P}roceedings of the 24th {W}orld {O}ccam and {T}ransputer {U}ser {G}roup {T}echnical {M}eeting, 16-19 {S}eptember 2001, {B}ristol, {U}nited {K}ingdom},
  volume       = {59},
  pages        = {179},
  year         = {2001},
  organization = {IOS Press}
}

@book{wilkinson1999parallel,
  title     = {{P}arallel {P}rograming},
  author    = {Wilkinson, Barry and Allen, Michael},
  volume    = {999},
  year      = {1999},
  publisher = {Prentice hall Upper Saddle River, NJ}
}

@misc{go2017primesieve,
  title         = {{C}oncurrent {P}rime {S}ieve in {G}o},
  howpublished  = {\url{https://play.golang.org/p/9U22NfrXeq}},
  year          = {2016},
  note          = {Accessed: 2016-12-14}
}

@book{mordechai2006principles,
  author    = {Ben-Ari, Mordechai},
  title     = {{P}rinciples of {C}oncurrent and {D}istributed {P}rogramming},
  publisher = {Pearson Education},
  isbn      = {032131283X},
  year      = {2006},
  type      = {Book}
}

@misc{buck2009atomic,
  title     = {{A}tomic {M}emory {O}perators in a {P}arallel {P}rocessor},
  author    = {Buck, Ian A. and Nickolls, John R. and Shebanow, Michael C. and Nyland, Lars S.},
  year      = {2009},
  month     = dec # "~1",
  publisher = {Google Patents},
  note      = {US Patent 7,627,723}
}

@article{sun2010reevaluating,
  title     = {{R}eevaluating {A}mdahl‚Äôs {L}aw in the {M}ulticore {E}ra},
  author    = {Sun, Xian-He and Chen, Yong},
  journal   = {Journal of Parallel and Distributed Computing},
  volume    = {70},
  number    = {2},
  pages     = {183--188},
  year      = {2010},
  publisher = {Elsevier}
}

@misc{vyukov2014intrusive,
  author        = {Vyukov, Dmitry},
  title         = {{I}ntrusive {MPSC} {N}ode-{B}ased {Q}ueue},
  journal       = {1024cores},
  type          = {Blog},
  number        = {July 14},
  year          = {2014},
  howpublished  = {\url{http://www.1024cores.net/home/lock-free-algorithms/queues/intrusive-mpsc-node-based-queue}}
}

@article{may1983occam,
  title     = {{O}ccam},
  author    = {May, David},
  journal   = {ACM Sigplan Notices},
  volume    = {18},
  number    = {4},
  pages     = {69--79},
  year      = {1983},
  publisher = {ACM}
}

@inproceedings{may1984occam,
  title         = {{O}ccam and the {T}ransputer},
  author        = {May, David and Shepherd, Roger},
  booktitle     = {Proc. of the IFIP WG 10.3 workshop on Concurrent languages in distributed systems: hardware supported implementation},
  pages         = {19--33},
  year          = {1984},
  organization  = {Elsevier North-Holland, Inc.}
}

@book{may2009xmos,
  title     = {{T}he {XMOS} {XS}1 {A}rchitecture},
  author    = {May, David},
  year      = {2009},
  publisher = {XMOS}
}

@book{balbaert2012way,
  title     = {{T}he {W}ay to {G}o: {A} {T}horough {I}ntroduction to the {G}o {P}rogramming {L}anguage},
  author    = {Balbaert, Ivo},
  year      = {2012},
  publisher = {IUniverse}
}


@misc{carl2006extended,
  author        = {Ritson, Carl},
  title         = {{E}xtended {O}utputs},
  journal       = {OEP/142},
  type          = {Wiki},
  number        = {Mars 14},
  year          = {2006},
  howpublished  = {\url{https://www.cs.kent.ac.uk/research/groups/plas/wiki/OEP/142}},
  note          = {Accessed: 2017-06-04}
}